@book{hayes,
	author    = "Darren Hayes",
	title     = "A Practicle Guide to Computer Forensics Investigations",
	year      = "2015",
	publisher = "Pearson",
	address   = "Idianapolis, Indiana"
}
@article{website,
	author    = "Andr√© Champagne",
	title     = "Planning a Digital Forensic Lab",
	year      = "2016",
	journal   = "Evidence Technology Magazine",
	pages     = "16--19",
	volume    = "Spring 2016",
	url       = "http://www.evidencemagazine.com/index.php?option=com_content\&task=view\&id=2162\&Itemid=49"
}
@book{pdf,
	author    = "James Aguilar and Tome Barnes and Joseph Browne and et al.",
	title     = "Forensic Science Laboratories: Handbook for Facility Planning, Design, constructoin, and Relocation",
	year      = "2013"
}
